<collection xmlns="http://www.loc.gov/MARC21/slim">
<record>
  <leader>01616nam0a2200313 i 450 </leader>
  <controlfield tag="001">IT\ICCU\CNCE\062129</controlfield>
  <controlfield tag="005">20171204000000.0</controlfield>
  <datafield tag="012" ind1=" " ind2=" ">
    <subfield code="a">i-ei lia- e-le o,a, (C) 1574 (R)</subfield>
    <subfield code="2">fei</subfield>
  </datafield>
  <datafield tag="100" ind1=" " ind2=" ">
    <subfield code="a">20051027d1574        0itac0103    ba</subfield>
  </datafield>
  <datafield tag="101" ind1=" " ind2=" ">
    <subfield code="a">ITA</subfield>
  </datafield>
  <datafield tag="102" ind1=" " ind2=" ">
    <subfield code="a">IT</subfield>
  </datafield>
  <datafield tag="200" ind1="1" ind2=" ">
    <subfield code="a">Prouisione fatta da gli magnifici s. consiglieri di sua eccellentia illustrsis. In subsidio dell&apos;Arte de fabbricanti. L&apos;anno MDLXI, die 12 di decembre. Nuouamente ristampata</subfield>
  </datafield>
  <datafield tag="210" ind1=" " ind2=" ">
    <subfield code="a">In Fiorenza</subfield>
    <subfield code="c">nella Stamperia Ducale</subfield>
    <subfield code="d">appresso Giorgio Marescotti</subfield>
    <subfield code="d">1574</subfield>
  </datafield>
  <datafield tag="215" ind1=" " ind2=" ">
    <subfield code="a">\2! c.</subfield>
    <subfield code="d">4ʻ</subfield>
  </datafield>
  <datafield tag="620" ind1=" " ind2=" ">
    <subfield code="a">IT</subfield>
    <subfield code="d">Firenze</subfield>
  </datafield>
  <datafield tag="710" ind1="0" ind2="2">
    <subfield code="a">Universit ̉dei fabbricanti</subfield>
    <subfield code="c"> &lt;Firenze&gt;</subfield>
    <subfield code="3">8540</subfield>
  </datafield>
  <datafield tag="712" ind1="0" ind2="0">
    <subfield code="a">Marescotti, Giorgio</subfield>
    <subfield code="3">IT\ICCU\CNCT\000049</subfield>
    <subfield code="4">650</subfield>
  </datafield>
  <datafield tag="791" ind1="0" ind2="2">
    <subfield code="a">Arte e universit ̉dei fabbricanti</subfield>
    <subfield code="c"> &lt;Firenze&gt;</subfield>
    <subfield code="3">15575</subfield>
    <subfield code="z">Universit ̉dei fabbricanti &lt;Firenze&gt;</subfield>
  </datafield>
  <datafield tag="791" ind1="0" ind2="2">
    <subfield code="a">arte dei fabbricanti</subfield>
    <subfield code="c"> &lt;Firenze&gt;</subfield>
    <subfield code="3">26561</subfield>
    <subfield code="z">Universit ̉dei fabbricanti &lt;Firenze&gt;</subfield>
  </datafield>
  <datafield tag="791" ind1="0" ind2="0">
    <subfield code="a">Mariscotti, Giorgio</subfield>
    <subfield code="3">IT\ICCU\CNCT\005030</subfield>
    <subfield code="z">Marescotti, Giorgio</subfield>
  </datafield>
  <datafield tag="791" ind1="0" ind2="0">
    <subfield code="a">Marescottus, Georgius</subfield>
    <subfield code="3">IT\ICCU\CNCT\005031</subfield>
    <subfield code="z">Marescotti, Giorgio</subfield>
  </datafield>
  <datafield tag="791" ind1="0" ind2="0">
    <subfield code="a">Marescotus, Georgius</subfield>
    <subfield code="3">IT\ICCU\CNCT\005032</subfield>
    <subfield code="z">Marescotti, Giorgio</subfield>
  </datafield>
  <datafield tag="801" ind1=" " ind2="3">
    <subfield code="a">IT</subfield>
    <subfield code="b">ICCU</subfield>
    <subfield code="c">20201115</subfield>
  </datafield>
  <datafield tag="899" ind1=" " ind2=" ">
    <subfield code="a">Biblioteca nazionale centrale. Firenze</subfield>
    <subfield code="1">FI0098</subfield>
    <subfield code="2">CFI CF</subfield>
  </datafield>
  <datafield tag="899" ind1=" " ind2=" ">
    <subfield code="a">Biblioteca umanistica. Sede di Lettere. Firenze</subfield>
    <subfield code="1">FI0211</subfield>
    <subfield code="2">UFI LT</subfield>
  </datafield>
  <datafield tag="899" ind1=" " ind2=" ">
    <subfield code="a">Biblioteca civica. Padova</subfield>
    <subfield code="1">PD0090</subfield>
    <subfield code="2">PUV 55</subfield>
  </datafield>
  <datafield tag="899" ind1=" " ind2=" ">
    <subfield code="a">Biblioteca dell&apos;Accademia nazionale dei Lincei e Corsiniana. Roma</subfield>
    <subfield code="1">RM0418</subfield>
    <subfield code="2">RML 10</subfield>
  </datafield>
  <datafield tag="911" ind1=" " ind2=" ">
    <subfield code="a">Sul front.</subfield>
    <subfield code="9">IT\ICCU\CNCM\002436</subfield>
  </datafield>
  <datafield tag="921" ind1=" " ind2=" ">
    <subfield code="a">IT\ICCU\CNCM\002436</subfield>
    <subfield code="b">Stemma dei Medici.</subfield>
    <subfield code="c">U965</subfield>
    <subfield code="f">STEMMA</subfield>
    <subfield code="g">[non prima del 1569]-[1578?]</subfield>
  </datafield>
</record>
</collection>
